<marcxml:record xmlns:marcxml="http://www.loc.gov/MARC21/slim" xmlns:idx="info:lc/xq-modules/lcindex" xmlns:madsrdf="http://www.loc.gov/mads/rdf/v1#" xmlns:ri="http://id.loc.gov/ontologies/RecordInfo#" xmlns:xlink="http://www.w3.org/1999/xlink" xmlns:rdf="http://www.w3.org/1999/02/22-rdf-syntax-ns#" xmlns:mets="http://www.loc.gov/METS/" xmlns:semtriples="http://marklogic.com/semantic" xmlns:xsi="http://www.w3.org/2001/XMLSchema-instance" xmlns:streams="info:lc/streams#">
            <marcxml:leader>00848cz  a2200253n  4500</marcxml:leader>
            <marcxml:controlfield tag="001">sh85134578</marcxml:controlfield>
            <marcxml:controlfield tag="003">DLC</marcxml:controlfield>
            <marcxml:controlfield tag="005">20061108075317.0</marcxml:controlfield>
            <marcxml:controlfield tag="008">860211i| anannbabn          |b ana      </marcxml:controlfield>
            <marcxml:datafield tag="010" ind1=" " ind2=" ">
              <marcxml:subfield code="a">sh 85134578 </marcxml:subfield>
            </marcxml:datafield>
            <marcxml:datafield tag="040" ind1=" " ind2=" ">
              <marcxml:subfield code="a">DLC</marcxml:subfield>
              <marcxml:subfield code="c">DLC</marcxml:subfield>
              <marcxml:subfield code="d">DLC</marcxml:subfield>
            </marcxml:datafield>
            <marcxml:datafield tag="053" ind1=" " ind2="0">
              <marcxml:subfield code="a">NA6820</marcxml:subfield>
              <marcxml:subfield code="b">NA6840</marcxml:subfield>
              <marcxml:subfield code="c">Architecture</marcxml:subfield>
            </marcxml:datafield>
            <marcxml:datafield tag="150" ind1=" " ind2=" ">
              <marcxml:subfield code="a">Theaters</marcxml:subfield>
            </marcxml:datafield>
            <marcxml:datafield tag="360" ind1=" " ind2=" ">
              <marcxml:subfield code="i">names of individual theaters</marcxml:subfield>
            </marcxml:datafield>
            <marcxml:datafield tag="450" ind1=" " ind2=" ">
              <marcxml:subfield code="a">Opera-houses</marcxml:subfield>
            </marcxml:datafield>
            <marcxml:datafield tag="450" ind1=" " ind2=" ">
              <marcxml:subfield code="a">Playhouses (Theaters)</marcxml:subfield>
            </marcxml:datafield>
            <marcxml:datafield tag="450" ind1=" " ind2=" ">
              <marcxml:subfield code="a">Theatres</marcxml:subfield>
            </marcxml:datafield>
            <marcxml:datafield tag="550" ind1=" " ind2=" ">
              <marcxml:subfield code="w">g</marcxml:subfield>
              <marcxml:subfield code="a">Arts facilities</marcxml:subfield>
            </marcxml:datafield>
            <marcxml:datafield tag="550" ind1=" " ind2=" ">
              <marcxml:subfield code="w">g</marcxml:subfield>
              <marcxml:subfield code="a">Auditoriums</marcxml:subfield>
            </marcxml:datafield>
            <marcxml:datafield tag="550" ind1=" " ind2=" ">
              <marcxml:subfield code="w">g</marcxml:subfield>
              <marcxml:subfield code="a">Centers for the performing arts</marcxml:subfield>
            </marcxml:datafield>
            <marcxml:datafield tag="550" ind1=" " ind2=" ">
              <marcxml:subfield code="a">Music-halls</marcxml:subfield>
            </marcxml:datafield>
            <marcxml:datafield tag="670" ind1=" " ind2=" ">
              <marcxml:subfield code="a">AAT</marcxml:subfield>
              <marcxml:subfield code="b">(Theaters UK Theatres)</marcxml:subfield>
            </marcxml:datafield>
            <marcxml:datafield tag="680" ind1=" " ind2=" ">
              <marcxml:subfield code="i">Here are entered works on facilities used to stage drama. Works on drama as a literary form are entered under</marcxml:subfield>
              <marcxml:subfield code="a">Drama.</marcxml:subfield>
              <marcxml:subfield code="i">Works on drama as acted on the stage are entered under</marcxml:subfield>
              <marcxml:subfield code="a">Theater.</marcxml:subfield>
            </marcxml:datafield>
            <marcxml:datafield tag="681" ind1=" " ind2=" ">
              <marcxml:subfield code="i">Notes under</marcxml:subfield>
              <marcxml:subfield code="a">Drama; Theater</marcxml:subfield>
            </marcxml:datafield>
          </marcxml:record>
